%%%%%% Lab / Course Specific Books and Articles and such %%%%%%%%%%%%%
@BOOK{Aberrations_book, 
title={Optical Imaging and Aberrations, Part II. Wave Diffraction Optics (SPIE Press Monograph Vol. PM209)},
author={Virendra N. Mahajan},
publisher={SPIE Press},
year={2011},
month={8},
doi={10.1117/3.898443},
edition={2},
isbn={9780819486998},
}

@article{adaptive_optics_bio_microscope, 
author = {Martin J. Booth and Delphine D\'{e}barre and Alexander Jesacher}, 
journal = {Opt. Photon. News}, 
number = {1}, 
pages = {22--29}, 
publisher = {OSA},
title = {Adaptive Optics for Biomedical Microscopy}, 
volume = {23}, 
month = {Jan},
year = {2012},
url = {http://www.osa-opn.org/abstract.cfm?URI=opn-23-1-22},
doi = {10.1364/OPN.23.1.000022},
}

@BOOK{optical_shop_testing, 
title={Optical Shop Testing (Wiley Series in Pure and Applied Optics)},
editor={Daniel Malacara},
publisher={Wiley-Interscience},
year={2007},
month={7},
edition={3},
isbn={9780471484042},
totalpages={888},
doi = {10.1002/9780470135976},
}

@article{confocal_microscope,
    author = {Booth, Martin J. and Neil, Mark A. A. and Ju\v{s}kaitis, Rimas and Wilson, Tony},
    day = {30},
    doi = {10.1073/pnas.082544799},
    journal = {Proceedings of the National Academy of Sciences},
    month = apr,
    number = {9},
    pages = {5788--5792},
    title = {{Adaptive aberration correction in a confocal microscope}},
    volume = {99},
    year = {2002}
}

@BOOK{book_confocal, 
title={Handbook of Biological Confocal Microscopy},
editor={James Pawley},
publisher={Springer},
year={2006},
month={8},
edition={3rd},
isbn={9780387259215},
url = {http://www.springer.com/life+sciences/biochemistry+%26+biophysics/book/978-0-387-25921-5
},
}

@article{TPFM_image_based, 
author = {Delphine D\'{e}barre and Edward J. Botcherby and Tomoko Watanabe and Shankar Srinivas and Martin J. Booth and Tony Wilson}, 
journal = {Opt. Lett.}, 
number = {16}, 
pages = {2495--2497}, 
publisher = {OSA},
title = {Image-based adaptive optics for two-photon microscopy}, 
volume = {34}, 
month = {Aug},
year = {2009},
url = {http://ol.osa.org/abstract.cfm?URI=ol-34-16-2495},
doi = {10.1364/OL.34.002495},
}

@article{TPFM_pratical, 
author = {P. Marsh and D. Burns and J. Girkin}, 
journal = {Opt. Express}, 
keywords = {Active or adaptive optics; Microscopy},
number = {10}, 
pages = {1123--1130}, 
publisher = {OSA},
title = {Practical implementation of adaptive optics in multiphoton microscopy}, 
volume = {11}, 
month = {May},
year = {2003},
url = {http://www.opticsexpress.org/abstract.cfm?URI=oe-11-10-1123},
doi = {10.1364/OE.11.001123},
}

@article{TPFM_gated_wavefront,
author = {Rueckel, Markus and Mack-Bucher, Julia A. and Denk, Winfried}, 
title = {Adaptive wavefront correction in two-photon microscopy using coherence-gated wavefront sensing},
volume = {103}, 
number = {46}, 
pages = {17137-17142}, 
year = {2006}, 
doi = {10.1073/pnas.0604791103}, 
URL = {http://www.pnas.org/content/103/46/17137.abstract}, 
journal = {Proceedings of the National Academy of Sciences} 
}

@article{HG_embryos, 
author = {Alexander Jesacher and Anisha Thayil and Kate Grieve and Delphine D\'{e}barre and Tomoko Watanabe and Tony Wilson and Shankar Srinivas and Martin Booth}, 
journal = {Opt. Lett.}, 
number = {20}, 
pages = {3154--3156}, 
publisher = {OSA},
title = {Adaptive harmonic generation microscopy of mammalian embryos}, 
volume = {34}, 
month = {Oct},
year = {2009},
url = {http://ol.osa.org/abstract.cfm?URI=ol-34-20-3154},
doi = {10.1364/OL.34.003154},
}

@article{HG_dynamic, 
author = {Nicolas Olivier and Delphine D\'{e}barre and Emmanuel Beaurepaire}, 
journal = {Opt. Lett.}, 
number = {20}, 
pages = {3145--3147}, 
publisher = {OSA},
title = {Dynamic aberration correction for multiharmonic microscopy}, 
volume = {34}, 
month = {Oct},
year = {2009},
url = {http://ol.osa.org/abstract.cfm?URI=ol-34-20-3145},
doi = {10.1364/OL.34.003145},
}

@article{CARS, 
author = {A. J. Wright and S. P. Poland and J. M. Girkin and C. W. Freudiger and C. L. Evans and X. S. Xie}, 
journal = {Opt. Express}, 
number = {26}, 
pages = {18209--18219}, 
publisher = {OSA},
title = {Adaptive optics for enhanced signal in CARS microscopy}, 
volume = {15}, 
month = {Dec},
year = {2007},
url = {http://www.opticsexpress.org/abstract.cfm?URI=oe-15-26-18209},
doi = {10.1364/OE.15.018209},
}

@article{wide_MPFM, 
author = {J\"{o}rg Bewersdorf and Rainer Pick and Stefan W. Hell}, 
journal = {Opt. Lett.}, 
number = {9}, 
pages = {655--657}, 
publisher = {OSA},
title = {Multifocal multiphoton microscopy}, 
volume = {23}, 
month = {May},
year = {1998},
url = {http://ol.osa.org/abstract.cfm?URI=ol-23-9-655},
doi = {10.1364/OL.23.000655},
}

@article{wide_AOM_loew_freq, 
author = {Delphine Debarre and Martin J. Booth and Tony Wilson}, 
journal = {Opt. Express}, 
number = {13}, 
pages = {8176--8190}, 
publisher = {OSA},
title = {Image based adaptive optics through optimisation of low spatial frequencies}, 
volume = {15}, 
month = {Jun},
year = {2007},
url = {http://www.opticsexpress.org/abstract.cfm?URI=oe-15-13-8176},
doi = {10.1364/OE.15.008176},
}

@article{wide_structured_illu, 
author = {Delphine D\'{e}barre and Edward J. Botcherby and Martin J. Booth and Tony Wilson}, 
journal = {Opt. Express}, 
number = {13}, 
pages = {9290--9305}, 
publisher = {OSA},
title = {Adaptive optics for structured illumination microscopy}, 
volume = {16}, 
month = {Jun},
year = {2008},
url = {http://www.opticsexpress.org/abstract.cfm?URI=oe-16-13-9290},
doi = {10.1364/OE.16.009290},
}

@article{AOM_scan_STED, 
author = {Travis J. Gould and Daniel Burke and Joerg Bewersdorf and Martin J. Booth}, 
journal = {Opt. Express}, 
number = {19}, 
pages = {20998--21009}, 
publisher = {OSA},
title = {Adaptive optics enables 3D STED microscopy in aberrating specimens}, 
volume = {20}, 
month = {Sep},
year = {2012},
url = {http://www.opticsexpress.org/abstract.cfm?URI=oe-20-19-20998},
doi = {10.1364/OE.20.020998},
}

@article {wide_motionless_focus,
author = {KNER, P. and SEDAT, J.W. and AGARD, D.A. and KAM, Z.},
title = {High-resolution wide-field microscopy with adaptive optics for spherical aberration correction and motionless focusing},
journal = {Journal of Microscopy},
volume = {237},
number = {2},
publisher = {Blackwell Publishing Ltd},
issn = {1365-2818},
url = {http://dx.doi.org/10.1111/j.1365-2818.2009.03315.x},
doi = {10.1111/j.1365-2818.2009.03315.x},
pages = {136--147},
year = {2010},
}



%%%%%% Websites with link shown.

@misc{area_germany,
	title = "Gebiet und Bevölkerung – Fläche und Bevölkerung Deutschland",
	author = "Statistische Ämter des Bundes und der Länder",
	year = "2013",
	howpublished = "\url{http://www.statistik-portal.de/Statistik-Portal/de_jb01_jahrtab1.asp}"
}	

%%%%%% Books - General Stuff %%%%%%%%%%%%%%%
@BOOK{Young,
title={Optics and Lasers: Including Fibers and Optical Waveguides (Springer Series in Optical Sciences)},
author={Matt Young},
publisher={Springer},
year={1986},
month={4},
edition={3rd},
}

@BOOK{Hecht,
title={Optics (4th Edition)},
author={Eugene Hecht},
publisher={Addison-Wesley},
year={2001},
month={8},
edition={4},
}

@BOOK{Goodman200412,
title={Introduction to Fourier Optics},
author={Joseph Goodman},
publisher={Roberts and Company Publishers},
year={2004},
month={12},
edition={3rd Edition},
isbn={9780974707723},
}

@BOOK{Photonics,
title={Fundamentals of Photonics (Wiley Series in Pure and Applied Optics)},
author={Bahaa E. A. Saleh and Malvin Carl Teich},
publisher={Wiley-Interscience},
year={2007},
month={3},
edition={2},
timestamp={2012.11.28},
}

