@article {JMI:JMI1751,
author = {KAM, ZVI and KNER, PETER and AGARD, DAVID and SEDAT, JOHN W.},
title = {Modelling the application of adaptive optics to wide-field microscope live imaging},
journal = {Journal of Microscopy},
volume = {226},
number = {1},
publisher = {Blackwell Publishing Ltd},
issn = {1365-2818},
url = {http://dx.doi.org/10.1111/j.1365-2818.2007.01751.x},
doi = {10.1111/j.1365-2818.2007.01751.x},
pages = {33--42},
keywords = {Adaptive optics, live imaging aberrations, Microscopy},
year = {2007},
}
