@inbook {
title = {Adaptive Optics in Microscopy},
author = {Booth, Martin J.},
author = {},
publisher = {Wiley-VCH Verlag GmbH & Co. KGaA},
isbn = {9783527635245},
url = {http://dx.doi.org/10.1002/9783527635245.ch14},
doi = {10.1002/9783527635245.ch14},
pages = {295--322},
keywords = {adaptive optics, aberration correction, wavefront sensing, widefield microscopes, point-scanning microscopes, MCAO},
booktitle = {Optical and Digital Image Processing},
year = {2011},
}
