@article {JMI:JMI3315,
author = {KNER, P. and SEDAT, J.W. and AGARD, D.A. and KAM, Z.},
title = {High-resolution wide-field microscopy with adaptive optics for spherical aberration correction and motionless focusing},
journal = {Journal of Microscopy},
volume = {237},
number = {2},
publisher = {Blackwell Publishing Ltd},
issn = {1365-2818},
url = {http://dx.doi.org/10.1111/j.1365-2818.2009.03315.x},
doi = {10.1111/j.1365-2818.2009.03315.x},
pages = {136--147},
keywords = {Adaptive optics, biomedical imaging, microscopy},
year = {2010},
}
