@article{38123570,
author = {P. KNER and J. W. SEDAT and D. A. AGARD and Z. KAM},
title = {{High-resolution wide-field microscopy with adaptive optics for spherical aberration correction and motionless focusing}},
journal = {Journal of Microscopy-oxford},
volume = {237},
year = {2010},
pages = {136--147},
issue = {2},
doi = {10.1111/j.1365-2818.2009.03315.x},
masid = {38123570}
}