@article{Zernike1934689,
title = "Beugungstheorie des schneidenver-fahrens und seiner verbesserten form, der phasenkontrastmethode ",
journal = "Physica ",
volume = "1",
number = "7â€“12",
pages = "689 - 704",
year = "1934",
note = "",
issn = "0031-8914",
doi = "http://dx.doi.org/10.1016/S0031-8914(34)80259-5",
url = "http://www.sciencedirect.com/science/article/pii/S0031891434802595",
author = "von F. Zernike"
}

