@article{Oheim2006788,
title = "Principles of two-photon excitation fluorescence microscopy and other nonlinear imaging approaches ",
journal = "Advanced Drug Delivery Reviews ",
volume = "58",
number = "7",
pages = "788 - 808",
year = "2006",
note = "<ce:title>Multi-Photon Imaging: Diseases and Therapies</ce:title> ",
issn = "0169-409X",
doi = "http://dx.doi.org/10.1016/j.addr.2006.07.005",
url = "http://www.sciencedirect.com/science/article/pii/S0169409X06001207",
author = "Martin Oheim and Darren J. Michael and Matthias Geisbauer and Dorte Madsen and Robert H. Chow",
keywords = "Two-photon excitation fluorescence (2PEF) microscopy",
keywords = "Coherent anti-Stokes Raman scattering",
keywords = "Planar 2PEF microscopy "
}

