




@article{doi:10.1080/713817744,
author = {Lukosz, W.},
title = {Der Einfluß der Aberrationen auf die Optische Übertragungsfunktion bei Kleinen Orts-Frequenzen},
journal = {Optica Acta: International Journal of Optics},
volume = {10},
number = {1},
pages = {1-19},
year = {1963},
doi = {10.1080/713817744},

URL = {http://www.tandfonline.com/doi/abs/10.1080/713817744},
eprint = {http://www.tandfonline.com/doi/pdf/10.1080/713817744}
}


